<record><leader>00000cas a2200000 a 4500</leader><controlfield tag="001">26972318</controlfield><controlfield tag="008">921113d190u190uiludn ne      0    0eng c</controlfield><datafield ind1=" " ind2=" " tag="010"><subfield code="a">sn 92053964 </subfield></datafield><datafield ind1=" " ind2=" " tag="040"><subfield code="a">NVF</subfield><subfield code="b">eng</subfield><subfield code="c">NVF</subfield><subfield code="d">OCLCQ</subfield><subfield code="d">NVF</subfield><subfield code="d">OCLCQ</subfield><subfield code="d">OCLCF</subfield><subfield code="d">OCLCO</subfield><subfield code="d">OCL</subfield></datafield><datafield ind1=" " ind2=" " tag="042"><subfield code="a">pcc</subfield></datafield><datafield ind1=" " ind2=" " tag="043"><subfield code="a">n-us-il</subfield></datafield><datafield ind1="0" ind2=" " tag="130"><subfield code="a">Daily journal (Moline, Ill.)</subfield></datafield><datafield ind1="1" ind2="4" tag="245"><subfield code="a">The daily journal.</subfield></datafield><datafield ind1=" " ind2=" " tag="260"><subfield code="a">Moline, Ill. :</subfield><subfield code="b">Journal Print. Co.</subfield></datafield><datafield ind1=" " ind2=" " tag="300"><subfield code="a">v.</subfield></datafield><datafield ind1=" " ind2=" " tag="310"><subfield code="a">Daily (except Sunday)</subfield></datafield><datafield ind1=" " ind2=" " tag="500"><subfield code="a">"Moline, East Moline, Watertown" appears below masthead.</subfield></datafield><datafield ind1=" " ind2=" " tag="515"><subfield code="a">Various numbering irregularities.</subfield></datafield><datafield ind1=" " ind2=" " tag="588"><subfield code="a">Description based on: 22nd year, no. 155 (July 1, 1904).</subfield></datafield><datafield ind1=" " ind2=" " tag="588"><subfield code="a">Latest issue consulted: 22nd year, no. 299 (Dec. 31, 1904).</subfield></datafield><datafield ind1=" " ind2="0" tag="651"><subfield code="a">Moline (Ill.)</subfield><subfield code="v">Newspapers.</subfield></datafield><datafield ind1=" " ind2="0" tag="651"><subfield code="a">East Moline (Ill.)</subfield><subfield code="v">Newspapers.</subfield></datafield><datafield ind1=" " ind2="0" tag="651"><subfield code="a">Watertown (Ill.)</subfield><subfield code="v">Newspapers.</subfield></datafield><datafield ind1=" " ind2="7" tag="651"><subfield code="a">Illinois</subfield><subfield code="z">East Moline.</subfield><subfield code="2">fast</subfield><subfield code="0">(OCoLC)fst01226526</subfield></datafield><datafield ind1=" " ind2="7" tag="651"><subfield code="a">Illinois</subfield><subfield code="z">Moline.</subfield><subfield code="2">fast</subfield><subfield code="0">(OCoLC)fst01210118</subfield></datafield><datafield ind1=" " ind2="7" tag="651"><subfield code="a">Illinois</subfield><subfield code="z">Watertown (Ogle County)</subfield><subfield code="2">fast</subfield><subfield code="0">(OCoLC)fst01263771</subfield></datafield><datafield ind1=" " ind2="7" tag="655"><subfield code="a">Newspapers.</subfield><subfield code="2">fast</subfield><subfield code="0">(OCoLC)fst01423814</subfield></datafield><datafield ind1=" " ind2=" " tag="752"><subfield code="a">United States</subfield><subfield code="b">Illinois</subfield><subfield code="c">Rock Island</subfield><subfield code="d">Moline.</subfield></datafield><datafield ind1="0" ind2=" " tag="775"><subfield code="t">Moline weekly journal</subfield><subfield code="w">(DLC)sn 92053966</subfield></datafield><datafield ind1="0" ind2="0" tag="780"><subfield code="t">Moline daily journal (Moline, Ill. : 1901)</subfield><subfield code="w">(DLC)sn 92053963</subfield><subfield code="w">(OCoLC)26972233</subfield></datafield><datafield ind1="0" ind2="0" tag="785"><subfield code="t">Moline daily journal (Moline, Ill. : 1906)</subfield><subfield code="w">(DLC)sn 92053965</subfield><subfield code="w">(OCoLC)26972384</subfield></datafield><datafield ind1="1" ind2=" " tag="029"><subfield code="a">AU@</subfield><subfield code="b">000020720353</subfield></datafield></record>